<record><leader>00000cas a22000007a 4500</leader><controlfield tag="001">9357391</controlfield><controlfield tag="008">830329d18851885ksuwr ne      0    0eng d</controlfield><controlfield tag="009">3789</controlfield><datafield ind1=" " ind2=" " tag="010"><subfield code="a">sn 83040027 </subfield></datafield><datafield ind1=" " ind2=" " tag="040"><subfield code="a">KSH</subfield><subfield code="b">eng</subfield><subfield code="c">KSH</subfield><subfield code="d">NPT</subfield></datafield><datafield ind1="1" ind2=" " tag="029"><subfield code="a">AU@</subfield><subfield code="b">000025788445</subfield></datafield><datafield ind1=" " ind2=" " tag="042"><subfield code="a">msc</subfield></datafield><datafield ind1=" " ind2=" " tag="043"><subfield code="a">n-us-ks</subfield></datafield><datafield ind1="0" ind2="0" tag="245"><subfield code="a">Westphalia democrat.</subfield></datafield><datafield ind1=" " ind2=" " tag="260"><subfield code="a">Westphalia, Kan. :</subfield><subfield code="b">John Culp,</subfield><subfield code="c">1885.</subfield></datafield><datafield ind1=" " ind2=" " tag="300"><subfield code="a">1 v. :</subfield><subfield code="b">ill. (chiefly advertisements) ;</subfield><subfield code="c">55 cm.</subfield></datafield><datafield ind1=" " ind2=" " tag="310"><subfield code="a">Weekly</subfield></datafield><datafield ind1="0" ind2=" " tag="362"><subfield code="a">Vol. 1, no. 27 (Jan. 22, 1885)-v. 1, no. 49 (June 25, 1885).</subfield></datafield><datafield ind1=" " ind2=" " tag="500"><subfield code="a">Editor: John Culp.</subfield></datafield><datafield ind1="1" ind2=" " tag="700"><subfield code="a">Culp, John.</subfield></datafield><datafield ind1=" " ind2=" " tag="752"><subfield code="a">United States</subfield><subfield code="b">Kansas</subfield><subfield code="c">Anderson</subfield><subfield code="d">Westphalia.</subfield></datafield><datafield ind1="0" ind2="0" tag="780"><subfield code="t">Westphalia independent</subfield><subfield code="w">(DLC)sn 83040026</subfield></datafield><datafield ind1="0" ind2="0" tag="785"><subfield code="t">Anderson County democrat</subfield><subfield code="w">(DLC)sn 83040028</subfield></datafield></record>